@article{didi_ya_2021_118186847,
  author    = {didiya},
  title     = {S-function入门及案例详解（1）S-function基础介绍及基本案例},
  journal   = {CSDN博客},
  volume    = {},
  number    = {},
  pages     = {},
  year      = {2021},
  url       = {https://blog.csdn.net/didi_ya/article/details/118186847},
  abstract  = {}
}

@article{didi_ya_2021_118251832,
  author    = {didiya},
  title     = {S-function入门及案例详解（2）S-function基本案例介绍},
  journal   = {CSDN博客},
  volume    = {},
  number    = {},
  pages     = {},
  year      = {2021},
  url       = {https://blog.csdn.net/didi_ya/article/details/118251832},
  abstract  = {}
}

@article{didi_ya_2021_118190541,
  author    = {didiya},
  title     = {S-function入门及案例详解（3）S-function进阶案例},
  journal   = {CSDN博客},
  volume    = {},
  number    = {},
  pages     = {},
  year      = {2021},
  url       = {https://blog.csdn.net/didi_ya/article/details/118190541},
  abstract  = {}
}

@article{didi_ya_2021_118195184,
  author    = {didiya},
  title     = {S-function入门及案例详解（4）S-function进阶案例之连续离散状态空间表达式的S-function实现},
  journal   = {CSDN博客},
  volume    = {},
  number    = {},
  pages     = {},
  year      = {2021},
  url       = {https://blog.csdn.net/didi_ya/article/details/118195184},
  abstract  = {}
}