@misc{fuzzy_intro1,
  author = {weixin42686879},
  title = {完整的模糊推理系统介绍以及matlab中从零实现},
  year = {2020},
  url = {https://blog.csdn.net/weixin42686879/article/details/106727890},
  urldate = {2024-12-13}
}

@misc{fuzzy_intro2,
  author = {weixin42686879}, 
  title = {完整的模糊推理系统介绍以及matlab中从零实现},
  year = {2020},
  url = {https://blog.csdn.net/weixin42686879/article/details/106757646},
  urldate = {2024-12-13}
}

@misc{maglev_fuzzy,
  title = {模糊控制方法在磁悬浮系统中的应用},
  url = {https://www.doc88.com/p047673747915.html},
  urldate = {2024-12-13}
}

@misc{matlab_fuzzy,
  title = {Generate Code for Fuzzy System Using Simulink Coder},
  organization = {MathWorks},
  url = {https://ww2.mathworks.cn/help/fuzzy/generate-code-for-fuzzy-system-using-simulink-coder.html},
  urldate = {2024-12-13}
}