@misc{zhihu1,
  author = {知乎用户},
  title = {空间矢量坐标变换（等幅值变换）},
  year = {2022},
  howpublished = {\url{https://zhuanlan.zhihu.com/p/492830847}},
  note = {知乎专栏}
}

@misc{zhihu2,
  author = {知乎用户},
  title = {电机（二）——永磁同步电机概述},
  year = {2020},
  howpublished = {\url{https://zhuanlan.zhihu.com/p/272511217}},
  note = {知乎专栏}
}

@article{DGJS202306019,
  author = {赵凯辉 and 刘文昌 and 刘智诚 and 贾林 and 黄刚},
  title = {一种永磁同步电机无模型高阶滑模控制算法},
  journal = {电工技术学报},
  volume = {38},
  number = {06},
  pages = {1472-1485},
  year = {2023},
  issn = {1000-6753},
  doi = {10.19595/j.cnki.1000-6753.tces.220615}
}

@article{XDYX202405018,
  author = {郑瑞 and 张继祥 and 董学松 and 刘永臻 and 沈洪令},
  title = {永磁同步电机BP神经网络-智能PID滑模观测矢量控制算法},
  journal = {探测与控制学报},
  volume = {46},
  number = {05},
  pages = {124-131},
  year = {2024},
  issn = {1008-1194}
}
